@TechReport{mitchell80,
  author = 	 "T. M. Mitchell",
  title = 	 "The Need for Biases in Learning Generalizations",
  institution =  "Computer Science Department, Rutgers University",
  year = 	 "1980",
  address =	 "New Brunswick, MA",
}

@phdthesis{kearns89,
  author = {M. J. Kearns},
  title =  {Computational Complexity of Machine Learning},
  school = {Department of Computer Science, Harvard University},
  year =   {1989}
}

@Article{text2image,
  author = 	 "S. Reed and Z. Akata and X. Yan and L. Logeswaran and B. Schiele and H. Lee",
  title = 	 "Generative Adversarial Text to Image Synthesis",
  year = 	 "2016",
  journal = "arXiv:1605.05396"
}

@Article{bert,
  author = 	 "J. Devlin and M. Chang and K. Lee and K. Toutanova",
  title = 	 "BERT: Pre-training of Deep Bidirectional Transformers for Language Understanding",
  year = 	 "2018",
  journal ="arXiv:1810.04805"
}

@Article{sagan,
  author = 	 "H. Zhang and I. Goodfellow and D.Metaxas and A. Odena",
  title = 	 "Self-Attention Generative Adversarial Networks",
  year = 	 "2018",
  journal ="arXiv:1805.08318"
}

@Article{wgan,
  author = 	 "M.Arjovsky and S. Chintala and L. Bottou",
  title = 	 "Wasserstein GAN",
  year = 	 "2017",
  journal ="arXiv:1701.07875"
}


@Article{dcgan,
  author = 	 "A. Radford and L. Metz and S. Chintala",
  title = 	 "Unsupervised representation learning with deep convolutional generatice adversarial networks ",
  year = 	 "2016",
  journal = "arXiv:1511.06434"
  
}

@Article{gan,
  author = 	 "I. Goodfellow and J. Pouget-Abadie and  M. Mirza and B. Xu and
D. Warde-Farley and S. Ozair and A. Courville and Y. Bengio. ",
  title = 	 "Generative Adversarial Nets",
  year = 	 "2014",
  journal ="arXiv:1406.2661"
}

@Article{cgan,
  author = 	 "P. Isola and J. Zhu and T. Zhou and A. A. Efros",
  title = 	 "Image-to-Image Translation with Conditional Adversarial Networks",
  year = 	 "2018",
  journal = "arXiv:1611.07004"
}

@Article{stylegan,
  author = 	 "T. Karras and S. Laine and T. Aila",
  title = 	 "A Style-Based Generator Architecture for Generative Adversarial Networks",
  year = 	 "2019",
  journal ="arXiv:1812.04948"
}

@Article{progan,
  author = 	 "T. Karras and T. Aila and S. Laine and J. Lehtinen",
  title = 	 "Progressive Growing of GANs for Improved Quality, Stability, and Variation",
  year = 	 "2018",
  journal ="arXiv:1710.10196"
}

@Article{styletransfer,
  author = 	 "X. Huang and S. Belongie",
  title = 	 "Arbitrary Style Transfer in Real-time with Adaptive Instance Normalization",
  journal = "arXiv:1703.06868",
  year = 	 "2017"
}

@Article{styletransferog,
  author = 	 "L. A. Gatys and A. S. Ecker and M.Bethge",
  title = 	 "Image Style Transfer Using Convolutional Neural Networks",
  year = 	 "2016",
  journal = "IEEE"
}

@Article{cyclegan,
  author = 	 "J. Zhu and T. Park and P. Isola and A. A. Efros",
  title = 	 "Unpaired Image-to-Image Translation using Cycle-Consistent Adversarial Networks",
  year = 	 "2017",
  journal = "arXiv:1703.10593"
}

@Article{fid,
  author = 	 "M. Heusel and H. Ramsauer and T. Unterthiner, B. Nessler and S. Hochreiter",
  title = 	 "GANs Trained by a Two Time-Scale Update Rule
Converge to a Local Nash Equilibrium",
  year = 	 "2018",
  journal ="arXiv:1706.08500"
}

@Article{inception,
  author = 	 "T. Salimans and I. J. Goodfellow and W. Zaremba and V. Cheung and A. Radford
and X. Chen",
  title = 	 "Improved techniques for training gans",
  year = 	 "2016",
  journal ="NIPS"
}

@Article{attngan,
  author = 	 "T. Xu and P. Zhang and Q. Huang and H. Zhang and Z. Gan and X. Huang and X. He",
  title = 	 "AttnGAN: Fine-Grained Text to Image Generation with Attentional Generative Adversarial Networks",
  year = 	 "2017",
  journal ="arXiv:1711.10485"
}

@Article{mirrorgan,
  author = 	 "T. Qiao and J. Zhang and D. Xu and D. Tao",
  title = 	 "MirrorGAN: Learning Text-to-image Generation by Redescription",
  year = 	 "2019",
  journal ="arXiv:1903.05854"
}

@Article{logan,
  author = 	 "C. Oeldorf and G. Spanakis",
  title = 	 "LoGANv2: Conditional Style-Based Logo Generation with Generative Adversarial Networks",
  year = 	 "2019",
  journal ="arXiv:1909.09974"
}
@Article{dmgan,
  author = 	 "M. Zhu and P. Pan and W. Chen and Y. Yang",
  title = 	 "DM-GAN: Dynamic Memory Generative Adversarial Networks for Text-to-Image Synthesis",
  year = 	 "2019",
  journal ="arXiv:1904.01310"
}

@Article{objgan,
  author = 	 "W. Li and P. Zhang and L. Zhang and Q. Huang and X. He and S. Lyu and J. Gao",
  title = 	 "Object-driven Text-to-Image Synthesis via Adversarial Training",
  year = 	 "2019",
  journal ="arXiv:1902.10740"
}

@Article{coco,
  author = 	 "Tsung-Yi Lin and Michael Maire and Serge Belongie and Lubomir Bourdev and Ross Girshick and James Hays and Pietro Perona and Deva Ramanan and C. Lawrence Zitnick and Piotr Doll√°r",
  title = 	 "Microsoft COCO: Common Objects in Context",
  year = 	 "2014",
  journal ="arXiv:1405.0312"
}

@misc{anonymous,
  title= {Suppressed for Anonymity},
  author= {Author, N. N.},
  year= {2019}
}

@InCollection{Newell81,
  author =       "A. Newell and P. S. Rosenbloom",
  title =        "Mechanisms of Skill Acquisition and the Law of
                  Practice", 
  booktitle =    "Cognitive Skills and Their Acquisition",
  pages =        "1--51",
  publisher =    "Lawrence Erlbaum Associates, Inc.",
  year =         "1981",
  editor =       "J. R. Anderson",
  chapter =      "1",
  address =      "Hillsdale, NJ"
}


@Article{Samuel59,
  author = 	 "A. L. Samuel",
  title = 	 "Some Studies in Machine Learning Using the Game of
		  Checkers",
  journal =	 "IBM Journal of Research and Development",
  year =	 "1959",
  volume =	 "3",
  number =	 "3",
  pages =	 "211--229"
}

@techreport{WahCUB_200_2011,
	Title = {{The Caltech-UCSD Birds-200-2011 Dataset}},
	Author = {Wah, C. and Branson, S. and Welinder, P. and Perona, P. and Belongie, S.},
	Year = {2011},
	Institution = {California Institute of Technology},
	Number = {CNS-TR-2011-001}
}

@Article{stackgan,
  author = 	 "Han Zhang and Tao Xu and Hongsheng Li and Shaoting Zhang and Xiaogang Wang and Xiaolei Huang and Dimitris Metaxas",
  title = 	 "StackGAN: Text to Photo-realistic Image Synthesis with Stacked Generative Adversarial Networks",
  year = 	 "2017",
  journal ="arXiv:1612.03242"
}

@article{inception2,
  author    = {Christian Szegedy and
               Vincent Vanhoucke and
               Sergey Ioffe and
               Jonathon Shlens and
               Zbigniew Wojna},
  title     = {Rethinking the Inception Architecture for Computer Vision},
  journal   = {CoRR},
  volume    = {abs/1512.00567},
  year      = {2015},
  url       = {http://arxiv.org/abs/1512.00567},
  archivePrefix = {arXiv},
  eprint    = {1512.00567},
  timestamp = {Mon, 13 Aug 2018 16:49:07 +0200},
  biburl    = {https://dblp.org/rec/bib/journals/corr/SzegedyVISW15},
  bibsource = {dblp computer science bibliography, https://dblp.org}
}


@article{lstm,
  title={Long short-term memory},
  author="Hochreiter and Sepp and Schmidhuber, J{\"u}rgen",
  journal="Neural computation",
  volume={9},
  number={8},
  pages={1735--1780},
  year="1997",
  publisher={MIT Press}
}
