% @inproceedings{langley00,
%  author    = {P. Langley},
%  title     = {Crafting Papers on Machine Learning},
%  year      = {2000},
%  pages     = {1207--1216},
%  editor    = {Pat Langley},
%  booktitle     = {Proceedings of the 17th International Conference
%               on Machine Learning (ICML 2000)},
%  address   = {Stanford, CA},
%  publisher = {Morgan Kaufmann}
% }

@TechReport{mitchell80,
  author = 	 "T. M. Mitchell",
  title = 	 "The Need for Biases in Learning Generalizations",
  institution =  "Computer Science Department, Rutgers University",
  year = 	 "1980",
  address =	 "New Brunswick, MA",
}

@phdthesis{kearns89,
  author = {M. J. Kearns},
  title =  {Computational Complexity of Machine Learning},
  school = {Department of Computer Science, Harvard University},
  year =   {1989}
}



@Book{stylegan,
  editor = 	 "T. Karras and S. Laine and T. Aila",
  title = 	 "A Style-Based Generator Architecture for Generative Adversarial Networks",
  year = 	 "2019"
}

@Book{progan,
  editor = 	 "T. Karras and T. Aila and S. Laine and J. Lehtinen",
  title = 	 "Progressive Growing of GANs for Improved Quality, Stability, and Variation",
  year = 	 "2018"
}

@Book{styletransfer,
  editor = 	 "X. Huang and S. Belongie",
  title = 	 "Arbitrary Style Transfer in Real-time with Adaptive Instance Normalization",
  year = 	 "2017"
}

@Book{styletransferog,
  editor = 	 "L. A. Gatys and A. S. Ecker and M.Bethge",
  title = 	 "Image Style Transfer Using Convolutional Neural Networks",
  year = 	 "2016",
  publisher = "IEEE"
}

@Book{fid,
  editor = 	 "M. Heusel and H. Ramsauer and T. Unterthiner, B. Nessler and S. Hochreiter",
  title = 	 "GANs Trained by a Two Time-Scale Update Rule
Converge to a Local Nash Equilibrium",
  year = 	 "2018"
}


@Book{DudaHart2nd,
  author =       "R. O. Duda and P. E. Hart and D. G. Stork",
  title =        "Pattern Classification",
  publisher =    "John Wiley and Sons"
  year =         "2000"
}

@misc{anonymous,
  title= {Suppressed for Anonymity},
  author= {Author, N. N.},
  year= {2019}
}

@InCollection{Newell81,
  author =       "A. Newell and P. S. Rosenbloom",
  title =        "Mechanisms of Skill Acquisition and the Law of
                  Practice", 
  booktitle =    "Cognitive Skills and Their Acquisition",
  pages =        "1--51",
  publisher =    "Lawrence Erlbaum Associates, Inc.",
  year =         "1981",
  editor =       "J. R. Anderson",
  chapter =      "1",
  address =      "Hillsdale, NJ"
}


@Article{Samuel59,
  author = 	 "A. L. Samuel",
  title = 	 "Some Studies in Machine Learning Using the Game of
		  Checkers",
  journal =	 "IBM Journal of Research and Development",
  year =	 "1959",
  volume =	 "3",
  number =	 "3",
  pages =	 "211--229"
}
